@ARTICLE{wipf2004sparse,
  author={Wipf, D.P. and Rao, B.D.},
  journal={IEEE Transactions on Signal Processing}, 
  title={Sparse Bayesian learning for basis selection}, 
  year={2004},
  volume={52},
  number={8},
  pages={2153-2164},
  keywords={Bayesian methods;Signal processing algorithms;Cost function;Iterative algorithms;Machine learning;Biomedical signal processing;Solids;Inverse problems;Support vector machines;Dictionaries},
  doi={10.1109/TSP.2004.831016}}

@misc{zou2022concise,
      title={A Concise Tutorial on Approximate Message Passing}, 
      author={Qiuyun Zou and Hongwen Yang},
      year={2022},
      eprint={2201.07487},
      archivePrefix={arXiv},
      primaryClass={cs.IT},
      url={https://arxiv.org/abs/2201.07487}, 
}

@INPROCEEDINGS{slockSURE,
  author={Slock, Dirk},
  booktitle={2022 56th Asilomar Conference on Signals, Systems, and Computers}, 
  title={Sparse Bayesian Learning with Stein's Unbiased Risk Estimator based Hyperparameter Optimization}, 
  year={2022},
  volume={},
  number={},
  pages={857-861},
  keywords={Linear systems;Computers;Maximum likelihood estimation;Computational modeling;Bayes methods;Optimization;Compressed sensing},
  doi={10.1109/IEEECONF56349.2022.10052097}}

@ARTICLE{lin2022covariance,
  author={Lin, Alexander and Song, Andrew H. and Bilgic, Berkin and Ba, Demba},
  journal={IEEE Transactions on Signal Processing}, 
  title={Covariance-Free Sparse Bayesian Learning}, 
  year={2022},
  volume={70},
  number={},
  pages={3818-3831},
  keywords={Signal processing algorithms;Inference algorithms;Bayes methods;Encoding;Covariance matrices;Linear systems;Computational modeling;Sparse Bayesian learning (SBL);compressed sensing;expectation-maximization algorithms;computational efficiency},
  doi={10.1109/TSP.2022.3186185}}

